[{"amount":4.95949984,"date":1421292732,"price":2.3,"tid":0,"type":"sell"},{"amount":9.10000038,"date":1438006968,"price":10,"tid":1,"type":"buy"},{"amount":11,"date":1464926781,"price":6.99,"tid":2,"type":"buy"},{"amount":1,"date":1464926876,"price":7.99,"tid":3,"type":"buy"},{"amount":9,"date":1464926930,"price":7.99,"tid":4,"type":"buy"},{"amount":1,"date":1464927145,"price":7.99,"tid":5,"type":"buy"},{"amount":0.725411,"date":1465194394,"price":7.8,"tid":6,"type":"sell"},{"amount":0.55664003,"date":1465194547,"price":7.8,"tid":7,"type":"sell"},{"amount":25.20919991,"date":1466618995,"price":4.5,"tid":8,"type":"sell"},{"amount":5.76036978,"date":1466619040,"price":4.5,"tid":9,"type":"sell"},{"amount":12.9673996,"date":1466647360,"price":4.3,"tid":10,"type":"sell"},{"amount":21.9673996,"date":1466647360,"price":4,"tid":11,"type":"sell"},{"amount":33.38759995,"date":1466649745,"price":4,"tid":12,"type":"sell"},{"amount":16.61240005,"date":1466649832,"price":3.9,"tid":13,"type":"sell"},{"amount":3.71933007,"date":1466666008,"price":25,"tid":14,"type":"buy"},{"amount":1.27666998,"date":1466666008,"price":10.5,"tid":15,"type":"buy"},{"amount":0.25999999,"date":1467135284,"price":4.01,"tid":16,"type":"sell"},{"amount":0.0454545,"date":1467761692,"price":22,"tid":17,"type":"buy"},{"amount":2,"date":1470770124,"price":3.5,"tid":18,"type":"sell"},{"amount":1,"date":1479154510,"price":3.856,"tid":19,"type":"sell"},{"amount":30,"date":1479154620,"price":3.856,"tid":20,"type":"sell"},{"amount":5.1947999,"date":1479154714,"price":3.85,"tid":21,"type":"sell"},{"amount":0.379668,"date":1479154714,"price":3.856,"tid":22,"type":"sell"},{"amount":0.144492,"date":1479915809,"price":6.99,"tid":23,"type":"buy"},{"amount":1.85551,"date":1479916249,"price":6.99,"tid":24,"type":"sell"},{"amount":5,"date":1483628516,"price":6.8,"tid":25,"type":"buy"},{"amount":3.30037999,"date":1483628522,"price":6.97,"tid":26,"type":"buy"},{"amount":1,"date":1483628526,"price":6.98,"tid":27,"type":"buy"},{"amount":7.36842012,"date":1483628784,"price":3.8,"tid":28,"type":"sell"},{"amount":1.89197004,"date":1483628845,"price":3.7,"tid":29,"type":"sell"},{"amount":1.10000002,"date":1484075599,"price":6.5,"tid":30,"type":"buy"},{"amount":1.09527004,"date":1484076113,"price":4.5,"tid":31,"type":"sell"},{"amount":1,"date":1484076814,"price":4.5,"tid":32,"type":"buy"},{"amount":0.89999998,"date":1484086396,"price":4.75,"tid":33,"type":"buy"},{"amount":0.75230801,"date":1484100825,"price":6.5,"tid":34,"type":"buy"},{"amount":0.84020299,"date":1484101220,"price":3.9,"tid":35,"type":"sell"},{"amount":0.71974403,"date":1484224182,"price":3.9,"tid":36,"type":"sell"},{"amount":0.206449,"date":1484608206,"price":6.41,"tid":37,"type":"buy"},{"amount":0.70733398,"date":1484608622,"price":6.44,"tid":38,"type":"buy"},{"amount":0.29266599,"date":1484608622,"price":6.42,"tid":39,"type":"buy"},{"amount":1,"date":1484608651,"price":6.44,"tid":40,"type":"buy"},{"amount":0.89999998,"date":1484608688,"price":6.44,"tid":41,"type":"buy"},{"amount":1,"date":1484611139,"price":3,"tid":42,"type":"sell"},{"amount":1,"date":1484679024,"price":4.5,"tid":43,"type":"buy"},{"amount":1,"date":1484679882,"price":3,"tid":44,"type":"buy"},{"amount":1,"date":1484800875,"price":4.57,"tid":45,"type":"buy"},{"amount":1.06541002,"date":1485113053,"price":6.44,"tid":46,"type":"buy"},{"amount":1.06083,"date":1486286797,"price":3.69,"tid":47,"type":"sell"},{"amount":1.03599,"date":1486862978,"price":3.4,"tid":48,"type":"sell"},{"amount":0.55013549,"date":1487506539,"price":3.69,"tid":49,"type":"sell"},{"amount":1.12100005,"date":1487705696,"price":3.9,"tid":50,"type":"sell"},{"amount":1.04449999,"date":1487707590,"price":3.9,"tid":51,"type":"sell"},{"amount":9.25249195,"date":1488488568,"price":3,"tid":52,"type":"sell"},{"amount":10.74750805,"date":1488488568,"price":3.01,"tid":53,"type":"sell"},{"amount":0.5477699,"date":1488503976,"price":4.2,"tid":54,"type":"buy"},{"amount":0.8313539,"date":1489440720,"price":4.21,"tid":55,"type":"buy"},{"amount":42.39192581,"date":1489448879,"price":4.21,"tid":56,"type":"buy"},{"amount":0.47980651,"date":1489567820,"price":4.21,"tid":57,"type":"buy"},{"amount":16.21591759,"date":1489582528,"price":4.21,"tid":58,"type":"buy"},{"amount":5.17814732,"date":1489661012,"price":4.21,"tid":59,"type":"buy"},{"amount":5.18527317,"date":1489661280,"price":4.21,"tid":60,"type":"buy"},{"amount":5.16864586,"date":1489662073,"price":4.21,"tid":61,"type":"buy"},{"amount":5.1876483,"date":1489662548,"price":4.21,"tid":62,"type":"buy"},{"amount":5.21140146,"date":1489662932,"price":4.21,"tid":63,"type":"buy"},{"amount":5.17814732,"date":1489664659,"price":4.21,"tid":64,"type":"buy"},{"amount":5.33729219,"date":1489664828,"price":4.21,"tid":65,"type":"buy"},{"amount":5.41567707,"date":1489665189,"price":4.21,"tid":66,"type":"buy"},{"amount":5.59857464,"date":1489665433,"price":4.21,"tid":67,"type":"buy"},{"amount":5.79334927,"date":1489665536,"price":4.21,"tid":68,"type":"buy"},{"amount":5.98812342,"date":1489665752,"price":4.21,"tid":69,"type":"buy"},{"amount":10.87885952,"date":1489665802,"price":4.21,"tid":70,"type":"buy"},{"amount":6.1900239,"date":1489666044,"price":4.21,"tid":71,"type":"buy"},{"amount":6.40142536,"date":1489666276,"price":4.21,"tid":72,"type":"buy"},{"amount":6.6223278,"date":1489666460,"price":4.21,"tid":73,"type":"buy"},{"amount":6.91924,"date":1489666769,"price":4.21,"tid":74,"type":"buy"},{"amount":7.2304039,"date":1489666845,"price":4.21,"tid":75,"type":"buy"},{"amount":7.55581951,"date":1489666918,"price":4.21,"tid":76,"type":"buy"},{"amount":7.89786243,"date":1489667012,"price":4.21,"tid":77,"type":"buy"},{"amount":8.25415707,"date":1489667088,"price":4.21,"tid":78,"type":"buy"},{"amount":8.62470341,"date":1489667171,"price":4.21,"tid":79,"type":"buy"},{"amount":3.07838488,"date":1489667342,"price":4.21,"tid":80,"type":"buy"},{"amount":9.06175804,"date":1489669941,"price":4.21,"tid":81,"type":"buy"},{"amount":9.28266048,"date":1489670476,"price":4.21,"tid":82,"type":"buy"},{"amount":9.59619999,"date":1489670994,"price":4.21,"tid":83,"type":"buy"},{"amount":9.86223316,"date":1489671588,"price":4.21,"tid":84,"type":"buy"},{"amount":10.13539219,"date":1489672188,"price":4.21,"tid":85,"type":"buy"},{"amount":10.40855122,"date":1489672532,"price":4.21,"tid":86,"type":"buy"},{"amount":10.69833755,"date":1489672859,"price":4.21,"tid":87,"type":"buy"},{"amount":5.72209024,"date":1489673538,"price":4.21,"tid":88,"type":"buy"},{"amount":5.3111639,"date":1489673612,"price":4.21,"tid":89,"type":"buy"},{"amount":11.44655609,"date":1489678905,"price":4.21,"tid":90,"type":"buy"},{"amount":11.90736389,"date":1489679078,"price":4.21,"tid":91,"type":"buy"},{"amount":12.51306438,"date":1489679225,"price":4.21,"tid":92,"type":"buy"},{"amount":12.52702713,"date":1489680626,"price":4.21,"tid":93,"type":"buy"},{"amount":44.44655609,"date":1489680794,"price":4.21,"tid":94,"type":"buy"},{"amount":2.6462121,"date":1489702675,"price":7.9,"tid":95,"type":"buy"},{"amount":0.93598539,"date":1489702675,"price":7.89,"tid":96,"type":"buy"},{"amount":4.50555515,"date":1489732532,"price":4.21,"tid":97,"type":"sell"},{"amount":2.54345942,"date":1489733419,"price":7.9,"tid":98,"type":"buy"},{"amount":1.01721847,"date":1489733419,"price":7.89,"tid":99,"type":"buy"},{"amount":1,"date":1489849513,"price":3.9,"tid":100,"type":"sell"},{"amount":3.64665556,"date":1490009718,"price":4,"tid":101,"type":"sell"},{"amount":2,"date":1490341032,"price":4,"tid":102,"type":"sell"},{"amount":5,"date":1490388857,"price":5.49,"tid":103,"type":"buy"},{"amount":1.03559327,"date":1490388857,"price":5.9,"tid":104,"type":"buy"},{"amount":1.81818175,"date":1490398164,"price":5.5,"tid":105,"type":"buy"},{"amount":4.58441544,"date":1490443543,"price":5.39,"tid":106,"type":"buy"},{"amount":0.19157088,"date":1490477065,"price":5.22,"tid":107,"type":"buy"},{"amount":0.30452225,"date":1490542292,"price":4,"tid":108,"type":"sell"},{"amount":4.37676573,"date":1490594958,"price":4,"tid":109,"type":"sell"},{"amount":2.29574466,"date":1490648462,"price":4.7,"tid":110,"type":"buy"},{"amount":6.7042551,"date":1490829020,"price":4.45,"tid":111,"type":"buy"},{"amount":4.02340412,"date":1490829029,"price":4.7,"tid":112,"type":"buy"},{"amount":0.63869053,"date":1490858543,"price":4.7,"tid":113,"type":"buy"},{"amount":3.13142538,"date":1490860544,"price":5.23,"tid":114,"type":"buy"},{"amount":10.39602947,"date":1490860798,"price":5.49,"tid":115,"type":"buy"},{"amount":0.69370246,"date":1490860798,"price":5.5,"tid":116,"type":"buy"},{"amount":2,"date":1490864070,"price":6,"tid":117,"type":"buy"},{"amount":5.69999981,"date":1490864070,"price":6,"tid":118,"type":"buy"},{"amount":24.1545887,"date":1490864387,"price":6.21,"tid":119,"type":"buy"},{"amount":4.9651618,"date":1490865242,"price":6.21,"tid":120,"type":"buy"},{"amount":5.43720198,"date":1490865251,"price":6.29,"tid":121,"type":"buy"},{"amount":2.75999999,"date":1490867335,"price":6.5,"tid":122,"type":"buy"},{"amount":0.36185417,"date":1490870687,"price":6.51,"tid":123,"type":"sell"},{"amount":9.23076916,"date":1490870688,"price":6.5,"tid":124,"type":"sell"},{"amount":0.38897026,"date":1490871217,"price":5.81,"tid":125,"type":"sell"},{"amount":35.13793182,"date":1490871218,"price":5.8,"tid":126,"type":"sell"},{"amount":4.20420408,"date":1490871616,"price":9.99,"tid":127,"type":"buy"},{"amount":1.1301446,"date":1490871872,"price":8.99,"tid":128,"type":"buy"},{"amount":0.50298679,"date":1490902668,"price":4.21,"tid":129,"type":"sell"},{"amount":0.36386845,"date":1490902701,"price":4.21,"tid":130,"type":"sell"},{"amount":1.41901779,"date":1490902702,"price":4.2,"tid":131,"type":"sell"},{"amount":0.11627906,"date":1490962231,"price":8.6,"tid":132,"type":"buy"},{"amount":2,"date":1491074966,"price":5.15,"tid":133,"type":"sell"},{"amount":1.12528503,"date":1491075715,"price":5.15,"tid":134,"type":"sell"},{"amount":10,"date":1491138300,"price":8,"tid":135,"type":"buy"},{"amount":1.32624996,"date":1491151462,"price":8,"tid":136,"type":"buy"},{"amount":23.46590614,"date":1491151968,"price":8,"tid":137,"type":"buy"},{"amount":10.07407379,"date":1491201802,"price":8.1,"tid":138,"type":"sell"},{"amount":1.41529417,"date":1491238742,"price":8.5,"tid":139,"type":"sell"},{"amount":2.13007283,"date":1491238742,"price":8.3,"tid":140,"type":"sell"},{"amount":10,"date":1491257791,"price":10,"tid":141,"type":"sell"},{"amount":1.24270225,"date":1491312468,"price":11.99,"tid":142,"type":"buy"},{"amount":6.86276054,"date":1491411504,"price":10,"tid":143,"type":"buy"},{"amount":43.58269882,"date":1491411504,"price":9.999,"tid":144,"type":"buy"},{"amount":0.83379078,"date":1491426420,"price":11.99,"tid":145,"type":"buy"},{"amount":0.12085153,"date":1491426509,"price":11.99,"tid":146,"type":"buy"},{"amount":1.41778743,"date":1491433373,"price":12,"tid":147,"type":"buy"},{"amount":2.31578898,"date":1491494865,"price":19,"tid":148,"type":"buy"},{"amount":1.579,"date":1491495467,"price":18.99,"tid":149,"type":"buy"},{"amount":0.421,"date":1491495467,"price":17.8,"tid":150,"type":"buy"},{"amount":2,"date":1491500819,"price":15,"tid":151,"type":"sell"},{"amount":1.79999995,"date":1491500835,"price":15,"tid":152,"type":"sell"},{"amount":4.42999983,"date":1491500973,"price":15,"tid":153,"type":"sell"},{"amount":0.39907816,"date":1491501023,"price":15,"tid":154,"type":"sell"},{"amount":5.12196159,"date":1491501064,"price":15,"tid":155,"type":"sell"},{"amount":5.91399622,"date":1491501152,"price":15,"tid":156,"type":"sell"},{"amount":0.33496368,"date":1491501282,"price":15,"tid":157,"type":"sell"},{"amount":0.57538462,"date":1491504100,"price":13,"tid":158,"type":"sell"},{"amount":0.19384615,"date":1491513098,"price":13,"tid":159,"type":"buy"},{"amount":9.53194809,"date":1491543572,"price":12.99,"tid":160,"type":"buy"},{"amount":1.37928283,"date":1491546808,"price":12.55,"tid":161,"type":"buy"},{"amount":1.36363637,"date":1491563207,"price":11,"tid":162,"type":"sell"},{"amount":6.59282494,"date":1491567970,"price":10.2,"tid":163,"type":"sell"},{"amount":51.25031281,"date":1491568823,"price":10.2,"tid":164,"type":"sell"},{"amount":11.34862804,"date":1491593695,"price":11.6,"tid":165,"type":"buy"},{"amount":27.29016495,"date":1491593696,"price":11.6,"tid":166,"type":"buy"},{"amount":5,"date":1491600772,"price":10,"tid":167,"type":"sell"},{"amount":1.60000002,"date":1491600772,"price":10,"tid":168,"type":"sell"},{"amount":14.13530445,"date":1491600773,"price":8.45,"tid":169,"type":"sell"},{"amount":1.87529409,"date":1491600773,"price":8.5,"tid":170,"type":"sell"},{"amount":5,"date":1491600773,"price":9.11,"tid":171,"type":"sell"},{"amount":0.57291049,"date":1491672242,"price":14.03,"tid":172,"type":"buy"},{"amount":0.21050969,"date":1491672242,"price":18,"tid":173,"type":"buy"},{"amount":1.59311998,"date":1491672242,"price":14,"tid":174,"type":"buy"},{"amount":2.25323725,"date":1491672242,"price":19,"tid":175,"type":"buy"},{"amount":0.12645116,"date":1491672242,"price":13.99,"tid":176,"type":"buy"},{"amount":2.50708914,"date":1491743843,"price":11.99,"tid":177,"type":"buy"},{"amount":5.98081732,"date":1491743913,"price":11.99,"tid":178,"type":"buy"},{"amount":4.17347813,"date":1491744061,"price":11.99,"tid":179,"type":"buy"},{"amount":4.56964159,"date":1491744231,"price":11.99,"tid":180,"type":"buy"},{"amount":1.77213931,"date":1491759227,"price":10.05,"tid":181,"type":"sell"},{"amount":4.98007965,"date":1491759227,"price":10.04,"tid":182,"type":"sell"},{"amount":1.21717167,"date":1491812888,"price":11.88,"tid":183,"type":"buy"},{"amount":2.07416558,"date":1491927500,"price":10,"tid":184,"type":"sell"},{"amount":0.22583449,"date":1491936965,"price":10,"tid":185,"type":"sell"},{"amount":0.59301686,"date":1491983623,"price":11,"tid":186,"type":"buy"},{"amount":0.20365725,"date":1492065263,"price":18.87,"tid":187,"type":"buy"},{"amount":0.53415066,"date":1492065263,"price":18.9,"tid":188,"type":"buy"},{"amount":2.29011011,"date":1492065263,"price":14,"tid":189,"type":"buy"},{"amount":8,"date":1492092645,"price":12.5,"tid":190,"type":"sell"},{"amount":1.38559997,"date":1492093191,"price":12.5,"tid":191,"type":"sell"},{"amount":4.17333317,"date":1492110295,"price":12,"tid":192,"type":"sell"},{"amount":0.83281004,"date":1492269760,"price":12.74,"tid":193,"type":"buy"},{"amount":2.16719007,"date":1492286017,"price":12.69,"tid":194,"type":"buy"},{"amount":0.35420153,"date":1492286017,"price":12.7,"tid":195,"type":"buy"},{"amount":0.1020546,"date":1492446735,"price":11.01,"tid":196,"type":"sell"},{"amount":0.13569717,"date":1492505528,"price":11.11,"tid":197,"type":"sell"},{"amount":4.26394272,"date":1492518808,"price":11.11,"tid":198,"type":"sell"},{"amount":2.88288283,"date":1492518815,"price":11.1,"tid":199,"type":"sell"},{"amount":2,"date":1492535966,"price":11,"tid":200,"type":"sell"},{"amount":5,"date":1492536204,"price":11,"tid":201,"type":"sell"},{"amount":2.10357594,"date":1492536248,"price":11,"tid":202,"type":"sell"},{"amount":1.36733317,"date":1492537302,"price":11,"tid":203,"type":"sell"},{"amount":1.26370966,"date":1492603423,"price":12.4,"tid":204,"type":"buy"},{"amount":3.33687544,"date":1492603423,"price":12.3,"tid":205,"type":"buy"},{"amount":2.58463526,"date":1492603424,"price":13.9,"tid":206,"type":"buy"},{"amount":1.34482753,"date":1492613530,"price":11.6,"tid":207,"type":"buy"},{"amount":1.88323915,"date":1492627246,"price":10.62,"tid":208,"type":"sell"},{"amount":20.77179337,"date":1492627246,"price":10.59,"tid":209,"type":"sell"},{"amount":5.18378878,"date":1492627246,"price":10.61,"tid":210,"type":"sell"},{"amount":0.85237992,"date":1492627329,"price":10.59,"tid":211,"type":"sell"},{"amount":1.88679242,"date":1492627329,"price":10.6,"tid":212,"type":"sell"},{"amount":1.04155838,"date":1492634620,"price":11.55,"tid":213,"type":"buy"},{"amount":2.37401986,"date":1492650034,"price":10.2,"tid":214,"type":"sell"},{"amount":1,"date":1492687678,"price":10.22,"tid":215,"type":"sell"},{"amount":0.75,"date":1492720742,"price":10.32,"tid":216,"type":"sell"},{"amount":13.81252575,"date":1492776940,"price":11.55,"tid":217,"type":"buy"},{"amount":5.16357231,"date":1492776963,"price":12.48,"tid":218,"type":"buy"},{"amount":0.67903227,"date":1492810399,"price":12.4,"tid":219,"type":"sell"},{"amount":10,"date":1492868150,"price":14,"tid":220,"type":"sell"},{"amount":4.28569984,"date":1492868241,"price":14,"tid":221,"type":"sell"},{"amount":0.3056497,"date":1492887673,"price":17.7,"tid":222,"type":"buy"},{"amount":2.24640155,"date":1492889806,"price":12.02,"tid":223,"type":"sell"},{"amount":0.62519848,"date":1492941042,"price":18.89,"tid":224,"type":"buy"},{"amount":27.44004822,"date":1492949762,"price":12.57,"tid":225,"type":"sell"},{"amount":10,"date":1492950048,"price":16.97,"tid":226,"type":"buy"},{"amount":4.57537985,"date":1492950048,"price":15.8,"tid":227,"type":"buy"},{"amount":0.87441719,"date":1492950049,"price":18.88,"tid":228,"type":"buy"},{"amount":5,"date":1492950049,"price":16.99,"tid":229,"type":"buy"},{"amount":4.95866537,"date":1492974357,"price":15,"tid":230,"type":"buy"},{"amount":2.73819494,"date":1492977665,"price":16.73,"tid":231,"type":"buy"},{"amount":1.66562498,"date":1493060142,"price":16,"tid":232,"type":"buy"},{"amount":0.12608099,"date":1493067720,"price":14.57,"tid":233,"type":"sell"},{"amount":3.75,"date":1493127347,"price":16,"tid":234,"type":"buy"},{"amount":0.33355701,"date":1493194659,"price":14.04,"tid":235,"type":"sell"},{"amount":1.23099995,"date":1493209244,"price":14.04,"tid":236,"type":"sell"},{"amount":1.05250001,"date":1493209805,"price":16,"tid":237,"type":"buy"},{"amount":10.63738918,"date":1493213715,"price":16,"tid":238,"type":"buy"},{"amount":4.5843749,"date":1493229512,"price":16,"tid":239,"type":"buy"},{"amount":0.15374839,"date":1493229512,"price":16,"tid":240,"type":"buy"},{"amount":2.24312496,"date":1493236599,"price":16,"tid":241,"type":"buy"},{"amount":34.3351593,"date":1493295266,"price":14.23,"tid":242,"type":"sell"},{"amount":2.58103561,"date":1493297951,"price":14.23,"tid":243,"type":"sell"},{"amount":12.27565384,"date":1493301053,"price":14.23,"tid":244,"type":"sell"},{"amount":15.0409317,"date":1493301187,"price":14.17,"tid":245,"type":"sell"},{"amount":0.21108742,"date":1493301207,"price":14.07,"tid":246,"type":"sell"},{"amount":10.27676678,"date":1493301207,"price":11.11,"tid":247,"type":"sell"},{"amount":1.00769234,"date":1493301207,"price":13,"tid":248,"type":"sell"},{"amount":0.77469337,"date":1493317847,"price":15.49,"tid":249,"type":"buy"},{"amount":0.37056166,"date":1493320097,"price":15.49,"tid":250,"type":"buy"},{"amount":0.36896822,"date":1493320169,"price":12.12,"tid":251,"type":"sell"},{"amount":5.22530651,"date":1493390241,"price":15.49,"tid":252,"type":"buy"},{"amount":4.6294384,"date":1493390241,"price":15.49,"tid":253,"type":"buy"},{"amount":44.87837982,"date":1493390270,"price":15.5,"tid":254,"type":"buy"},{"amount":0.14520301,"date":1493391466,"price":17.95,"tid":255,"type":"buy"},{"amount":16.60053444,"date":1493391466,"price":17.99,"tid":256,"type":"buy"},{"amount":0.0843973,"date":1493412168,"price":13.33,"tid":257,"type":"sell"},{"amount":0.08405971,"date":1493446756,"price":16.48,"tid":258,"type":"buy"},{"amount":2.94813204,"date":1493446756,"price":16.49,"tid":259,"type":"buy"},{"amount":5,"date":1493522904,"price":16.4,"tid":260,"type":"buy"},{"amount":1,"date":1493522912,"price":16.45,"tid":261,"type":"buy"},{"amount":1,"date":1493536379,"price":17,"tid":262,"type":"buy"},{"amount":1.03902113,"date":1493536639,"price":17,"tid":263,"type":"buy"},{"amount":15,"date":1493539464,"price":16.99,"tid":264,"type":"buy"},{"amount":1,"date":1493539469,"price":17,"tid":265,"type":"buy"},{"amount":0.67956257,"date":1493539637,"price":16.99,"tid":266,"type":"buy"},{"amount":1,"date":1493539644,"price":17,"tid":267,"type":"buy"},{"amount":1.41296422,"date":1493539776,"price":17,"tid":268,"type":"buy"},{"amount":2,"date":1493539829,"price":17,"tid":269,"type":"buy"},{"amount":0.53366929,"date":1493540133,"price":16.99,"tid":270,"type":"buy"},{"amount":1.22178209,"date":1493540256,"price":16.99,"tid":271,"type":"buy"},{"amount":1.41956306,"date":1493540399,"price":16.98,"tid":272,"type":"buy"},{"amount":23.87132645,"date":1493540583,"price":16.5,"tid":273,"type":"sell"},{"amount":0.22867398,"date":1493540600,"price":16.5,"tid":274,"type":"sell"},{"amount":2.39420009,"date":1493541820,"price":16,"tid":275,"type":"sell"},{"amount":1.12255776,"date":1493551550,"price":16.89,"tid":276,"type":"buy"},{"amount":17.60580063,"date":1493567651,"price":16,"tid":277,"type":"sell"},{"amount":10.08955193,"date":1493632949,"price":16.75,"tid":278,"type":"buy"},{"amount":0.46766466,"date":1493655456,"price":16.7,"tid":279,"type":"buy"},{"amount":0.06527346,"date":1493660699,"price":16.7,"tid":280,"type":"buy"},{"amount":0.42814371,"date":1493664034,"price":16.7,"tid":281,"type":"buy"},{"amount":2.70378494,"date":1493674117,"price":16.7,"tid":282,"type":"buy"},{"amount":6.28417921,"date":1493674133,"price":16.75,"tid":283,"type":"buy"},{"amount":19.38774109,"date":1493675601,"price":15.5,"tid":284,"type":"sell"},{"amount":0.07392996,"date":1493675810,"price":15.42,"tid":285,"type":"sell"},{"amount":0.51623374,"date":1493675815,"price":15.4,"tid":286,"type":"sell"},{"amount":0.52994013,"date":1493676308,"price":16.7,"tid":287,"type":"buy"},{"amount":10.66987896,"date":1493678562,"price":16.7,"tid":288,"type":"buy"},{"amount":1.58985078,"date":1493678562,"price":16.75,"tid":289,"type":"buy"},{"amount":1.91701496,"date":1493679036,"price":15.28,"tid":290,"type":"sell"},{"amount":1,"date":1493679482,"price":15.28,"tid":291,"type":"sell"},{"amount":6.89973879,"date":1493681417,"price":15.28,"tid":292,"type":"sell"},{"amount":1,"date":1493720848,"price":15.28,"tid":293,"type":"sell"},{"amount":9.43062782,"date":1493724574,"price":15.28,"tid":294,"type":"sell"},{"amount":9.77000046,"date":1493752694,"price":15.5,"tid":295,"type":"buy"},{"amount":14.9818182,"date":1493752765,"price":16.5,"tid":296,"type":"buy"},{"amount":11.3682909,"date":1493758540,"price":14.12,"tid":297,"type":"sell"},{"amount":0.51401395,"date":1493809178,"price":16.48,"tid":298,"type":"buy"},{"amount":0.12968254,"date":1493813292,"price":17,"tid":299,"type":"buy"},{"amount":0.398,"date":1493814785,"price":15,"tid":300,"type":"sell"},{"amount":2.602,"date":1493814785,"price":14.6,"tid":301,"type":"sell"},{"amount":19.61269951,"date":1493828502,"price":17.48,"tid":302,"type":"buy"},{"amount":15.96395874,"date":1493828928,"price":17.48,"tid":303,"type":"buy"},{"amount":2.03890228,"date":1493829066,"price":17.48,"tid":304,"type":"buy"},{"amount":2.87039995,"date":1493829084,"price":17.5,"tid":305,"type":"buy"},{"amount":0.30433542,"date":1493833083,"price":18.88,"tid":306,"type":"buy"},{"amount":5,"date":1493833083,"price":20,"tid":307,"type":"buy"},{"amount":4.55352926,"date":1493833083,"price":19,"tid":308,"type":"buy"},{"amount":10,"date":1493833083,"price":20,"tid":309,"type":"buy"},{"amount":3.01686025,"date":1493834878,"price":18,"tid":310,"type":"sell"},{"amount":4.15538788,"date":1493847883,"price":18.2,"tid":311,"type":"sell"},{"amount":4.72129583,"date":1493852882,"price":20.99,"tid":312,"type":"buy"},{"amount":1,"date":1493852882,"price":20.9,"tid":313,"type":"buy"},{"amount":0.13087095,"date":1493858458,"price":18.2,"tid":314,"type":"sell"},{"amount":0.16018257,"date":1493858605,"price":18.2,"tid":315,"type":"sell"},{"amount":5.04961824,"date":1493889531,"price":20.99,"tid":316,"type":"buy"},{"amount":3.21543407,"date":1493895887,"price":18.66,"tid":317,"type":"buy"},{"amount":0.08228235,"date":1493895887,"price":20.99,"tid":318,"type":"buy"},{"amount":0.21640734,"date":1493900341,"price":20.99,"tid":319,"type":"buy"},{"amount":5,"date":1493917603,"price":30,"tid":320,"type":"buy"},{"amount":12.70588207,"date":1493917604,"price":34,"tid":321,"type":"buy"},{"amount":5,"date":1493917604,"price":31,"tid":322,"type":"buy"},{"amount":9.38514328,"date":1493917604,"price":35,"tid":323,"type":"buy"},{"amount":2,"date":1493917604,"price":33,"tid":324,"type":"buy"},{"amount":0.11547416,"date":1493923221,"price":29.99,"tid":325,"type":"buy"},{"amount":0.55123097,"date":1493923221,"price":30,"tid":326,"type":"buy"},{"amount":10.37132359,"date":1493927170,"price":22.03,"tid":327,"type":"sell"},{"amount":0.90702951,"date":1493927170,"price":22.05,"tid":328,"type":"sell"},{"amount":0.76597476,"date":1493928637,"price":22.06,"tid":329,"type":"sell"},{"amount":5,"date":1493932990,"price":22.07,"tid":330,"type":"sell"},{"amount":0.18704829,"date":1493973323,"price":34,"tid":331,"type":"buy"},{"amount":0.30481082,"date":1493973323,"price":33.96,"tid":332,"type":"buy"},{"amount":0.6237936,"date":1493973323,"price":34,"tid":333,"type":"buy"},{"amount":3,"date":1493973323,"price":29,"tid":334,"type":"buy"},{"amount":5.03448296,"date":1493973323,"price":29,"tid":335,"type":"buy"},{"amount":5,"date":1493988839,"price":34.4,"tid":336,"type":"buy"},{"amount":5.09151316,"date":1493988839,"price":29,"tid":337,"type":"buy"},{"amount":10.7749958,"date":1493988839,"price":34.95,"tid":338,"type":"buy"},{"amount":1.11699998,"date":1493999010,"price":26.11,"tid":339,"type":"sell"},{"amount":6,"date":1494001971,"price":26.12,"tid":340,"type":"sell"},{"amount":9.95800018,"date":1494003545,"price":26.12,"tid":341,"type":"sell"},{"amount":0.50448084,"date":1494003671,"price":26.12,"tid":342,"type":"sell"},{"amount":0.68307662,"date":1494003682,"price":26.11,"tid":343,"type":"sell"},{"amount":5.39132166,"date":1494003940,"price":26.1,"tid":344,"type":"sell"},{"amount":0.67796612,"date":1494021858,"price":29.5,"tid":345,"type":"buy"},{"amount":5.9636364,"date":1494072223,"price":27.5,"tid":346,"type":"buy"},{"amount":17.30746269,"date":1494085527,"price":25.5,"tid":347,"type":"sell"},{"amount":0.30666667,"date":1494094660,"price":30,"tid":348,"type":"buy"},{"amount":2.31428576,"date":1494102633,"price":28,"tid":349,"type":"buy"},{"amount":0.28620583,"date":1494145922,"price":31.97,"tid":350,"type":"buy"},{"amount":0.23897173,"date":1494161268,"price":31.97,"tid":351,"type":"buy"},{"amount":29.38232803,"date":1494168217,"price":34.29,"tid":352,"type":"buy"},{"amount":4.45632267,"date":1494168217,"price":31.97,"tid":353,"type":"buy"},{"amount":4.939394,"date":1494169963,"price":33,"tid":354,"type":"sell"},{"amount":16.6440258,"date":1494198285,"price":33,"tid":355,"type":"buy"},{"amount":10.32880116,"date":1494198285,"price":32.99,"tid":356,"type":"buy"},{"amount":8.60929012,"date":1494244896,"price":40,"tid":357,"type":"buy"},{"amount":10.23435497,"date":1494244896,"price":34.3,"tid":358,"type":"buy"},{"amount":4,"date":1494244896,"price":33.99,"tid":359,"type":"buy"},{"amount":0.73952013,"date":1494244896,"price":35,"tid":360,"type":"buy"},{"amount":19,"date":1494244896,"price":35,"tid":361,"type":"buy"},{"amount":8.4165802,"date":1494244896,"price":33,"tid":362,"type":"buy"},{"amount":0.47253731,"date":1494263238,"price":33.5,"tid":363,"type":"buy"},{"amount":0.44843271,"date":1494280330,"price":32,"tid":364,"type":"buy"},{"amount":6.11000013,"date":1494280400,"price":33.15,"tid":365,"type":"buy"},{"amount":0.36445782,"date":1494280453,"price":33.2,"tid":366,"type":"buy"},{"amount":3.39756012,"date":1494292064,"price":29.09,"tid":367,"type":"sell"},{"amount":2.02749133,"date":1494292064,"price":29.1,"tid":368,"type":"sell"},{"amount":0.56494844,"date":1494292064,"price":29.1,"tid":369,"type":"sell"},{"amount":0.19169185,"date":1494311859,"price":33.1,"tid":370,"type":"buy"},{"amount":0.12358003,"date":1494313617,"price":29.05,"tid":371,"type":"sell"},{"amount":0.24517241,"date":1494313617,"price":29,"tid":372,"type":"sell"},{"amount":8.26761723,"date":1494313617,"price":29.09,"tid":373,"type":"sell"},{"amount":6.10432816,"date":1494314915,"price":33.2,"tid":374,"type":"buy"},{"amount":9.79830837,"date":1494314915,"price":33.1,"tid":375,"type":"buy"},{"amount":2.18005371,"date":1494314915,"price":33.49,"tid":376,"type":"buy"},{"amount":0.65516734,"date":1494326440,"price":25.53,"tid":377,"type":"sell"},{"amount":2.36003327,"date":1494326440,"price":25.54,"tid":378,"type":"sell"},{"amount":7.84859991,"date":1494367915,"price":31.95,"tid":379,"type":"buy"},{"amount":3.13656259,"date":1494396400,"price":32,"tid":380,"type":"buy"},{"amount":10.92374992,"date":1494399519,"price":32,"tid":381,"type":"buy"},{"amount":6.09625006,"date":1494401544,"price":32,"tid":382,"type":"buy"},{"amount":10.73751736,"date":1494401605,"price":32,"tid":383,"type":"buy"},{"amount":0.84006619,"date":1494401605,"price":32,"tid":384,"type":"buy"},{"amount":6.45563507,"date":1494401622,"price":32,"tid":385,"type":"buy"},{"amount":6.83344841,"date":1494401690,"price":32,"tid":386,"type":"buy"},{"amount":7.28188658,"date":1494401762,"price":32,"tid":387,"type":"buy"},{"amount":4.37563181,"date":1494401873,"price":32,"tid":388,"type":"buy"},{"amount":0.78818923,"date":1494402113,"price":33.19,"tid":389,"type":"buy"},{"amount":0.24562541,"date":1494402113,"price":32,"tid":390,"type":"buy"},{"amount":2.30433416,"date":1494403585,"price":35,"tid":391,"type":"buy"},{"amount":0.32181078,"date":1494403585,"price":33.19,"tid":392,"type":"buy"},{"amount":1.59155321,"date":1494419267,"price":35.99,"tid":393,"type":"buy"},{"amount":0.40844679,"date":1494419384,"price":35.99,"tid":394,"type":"buy"},{"amount":0.39688715,"date":1494419575,"price":38.55,"tid":395,"type":"buy"},{"amount":1.26095974,"date":1494419614,"price":38.55,"tid":396,"type":"buy"},{"amount":0.05992218,"date":1494424526,"price":38.55,"tid":397,"type":"buy"},{"amount":10.43363094,"date":1494433212,"price":38.55,"tid":398,"type":"buy"},{"amount":7.44449997,"date":1494433222,"price":40,"tid":399,"type":"buy"},{"amount":0.24646039,"date":1494450540,"price":33.33,"tid":400,"type":"sell"},{"amount":2.1496253,"date":1494474054,"price":33.35,"tid":401,"type":"sell"},{"amount":10.58580494,"date":1494474054,"price":33.33,"tid":402,"type":"sell"},{"amount":1.16893506,"date":1494474962,"price":33.33,"tid":403,"type":"sell"},{"amount":2.34418297,"date":1494474975,"price":31.03,"tid":404,"type":"sell"},{"amount":12.89490604,"date":1494474983,"price":31.02,"tid":405,"type":"sell"},{"amount":1.58048224,"date":1494475021,"price":31,"tid":406,"type":"sell"},{"amount":2.59032249,"date":1494475021,"price":31,"tid":407,"type":"sell"},{"amount":41.62048721,"date":1494478949,"price":31,"tid":408,"type":"sell"},{"amount":0.69999999,"date":1494487742,"price":35.97,"tid":409,"type":"buy"},{"amount":1,"date":1494501967,"price":35.87,"tid":410,"type":"buy"},{"amount":0.3133854,"date":1494511891,"price":34.99,"tid":411,"type":"buy"},{"amount":1.04861462,"date":1494511891,"price":35,"tid":412,"type":"buy"},{"amount":1.02886534,"date":1494514676,"price":34.99,"tid":413,"type":"buy"},{"amount":0.58823532,"date":1494517971,"price":34,"tid":414,"type":"sell"},{"amount":0.83672267,"date":1494521918,"price":34.89,"tid":415,"type":"buy"},{"amount":5.60907602,"date":1494521919,"price":34.9,"tid":416,"type":"buy"},{"amount":6.27060175,"date":1494523657,"price":34,"tid":417,"type":"sell"},{"amount":21.7703495,"date":1494524162,"price":34,"tid":418,"type":"sell"},{"amount":1.37081265,"date":1494526366,"price":34,"tid":419,"type":"sell"},{"amount":0.91066027,"date":1494526429,"price":30.12,"tid":420,"type":"sell"},{"amount":2.51111817,"date":1494538526,"price":30.13,"tid":421,"type":"sell"},{"amount":0.73856699,"date":1494538533,"price":30.13,"tid":422,"type":"buy"},{"amount":2.79684305,"date":1494538534,"price":30.12,"tid":423,"type":"sell"},{"amount":9.72340393,"date":1494538558,"price":30.08,"tid":424,"type":"sell"},{"amount":0.75782812,"date":1494538564,"price":30.02,"tid":425,"type":"sell"},{"amount":2.52115917,"date":1494538573,"price":30.01,"tid":426,"type":"sell"},{"amount":37.10369873,"date":1494538597,"price":30,"tid":427,"type":"sell"},{"amount":1.43678164,"date":1494588452,"price":34.8,"tid":428,"type":"buy"},{"amount":6.29896879,"date":1494591427,"price":34.7,"tid":429,"type":"buy"},{"amount":3.57385707,"date":1494591560,"price":34.8,"tid":430,"type":"buy"},{"amount":9.95899963,"date":1494594232,"price":34,"tid":431,"type":"buy"},{"amount":0.07192691,"date":1494594818,"price":30,"tid":432,"type":"sell"},{"amount":1.77807307,"date":1494594818,"price":30.1,"tid":433,"type":"sell"},{"amount":0.25,"date":1494617586,"price":32,"tid":434,"type":"sell"},{"amount":10.12807274,"date":1494618013,"price":30,"tid":435,"type":"sell"},{"amount":11.25988865,"date":1494663591,"price":27.05,"tid":436,"type":"sell"},{"amount":29.93076706,"date":1494663591,"price":27.01,"tid":437,"type":"sell"},{"amount":1,"date":1494663591,"price":27,"tid":438,"type":"sell"},{"amount":0.8214286,"date":1494693542,"price":28,"tid":439,"type":"sell"},{"amount":0.03333333,"date":1494731261,"price":30,"tid":440,"type":"buy"},{"amount":0.90896553,"date":1494762277,"price":29,"tid":441,"type":"buy"},{"amount":9.06803417,"date":1494780253,"price":29,"tid":442,"type":"buy"},{"amount":4.9666667,"date":1494780381,"price":30,"tid":443,"type":"buy"},{"amount":0.99447513,"date":1494856707,"price":27.15,"tid":444,"type":"sell"},{"amount":0.89666665,"date":1494856799,"price":30,"tid":445,"type":"buy"},{"amount":0.05666667,"date":1494884387,"price":27,"tid":446,"type":"buy"},{"amount":2.02044082,"date":1494960242,"price":28,"tid":447,"type":"buy"},{"amount":0.76527345,"date":1494960242,"price":27,"tid":448,"type":"buy"},{"amount":1.35135138,"date":1495002278,"price":22.2,"tid":449,"type":"sell"},{"amount":8.33333302,"date":1495002296,"price":22.2,"tid":450,"type":"buy"},{"amount":4.29331541,"date":1495002607,"price":22.02,"tid":451,"type":"sell"},{"amount":5,"date":1495027285,"price":22.23,"tid":452,"type":"sell"},{"amount":0.66402876,"date":1495090274,"price":27.8,"tid":453,"type":"buy"},{"amount":0.65337294,"date":1495118855,"price":23.57,"tid":454,"type":"sell"},{"amount":0.39346349,"date":1495118863,"price":23.56,"tid":455,"type":"sell"},{"amount":0.10488323,"date":1495118870,"price":23.55,"tid":456,"type":"sell"},{"amount":3.61780572,"date":1495118873,"price":22.24,"tid":457,"type":"sell"},{"amount":5.32253695,"date":1495118880,"price":22.23,"tid":458,"type":"sell"},{"amount":1.79666817,"date":1495118893,"price":22.22,"tid":459,"type":"sell"},{"amount":3.51933455,"date":1495119075,"price":22.24,"tid":460,"type":"buy"},{"amount":0.29456705,"date":1495119228,"price":23.56,"tid":461,"type":"buy"},{"amount":0.09847123,"date":1495119228,"price":22.24,"tid":462,"type":"buy"},{"amount":0.09889644,"date":1495119720,"price":23.56,"tid":463,"type":"buy"},{"amount":1.76715779,"date":1495121507,"price":27.83,"tid":464,"type":"buy"},{"amount":1.49981999,"date":1495129703,"price":27.77,"tid":465,"type":"buy"},{"amount":1.83545327,"date":1495145323,"price":27.76,"tid":466,"type":"buy"},{"amount":0.26699999,"date":1495193078,"price":30,"tid":467,"type":"buy"},{"amount":5.21896553,"date":1495199700,"price":29,"tid":468,"type":"buy"},{"amount":2.11328602,"date":1495214006,"price":24.01,"tid":469,"type":"sell"},{"amount":0.33180872,"date":1495214006,"price":24.05,"tid":470,"type":"sell"},{"amount":1,"date":1495214006,"price":24,"tid":471,"type":"sell"},{"amount":6.45120525,"date":1495214006,"price":23.04,"tid":472,"type":"sell"},{"amount":0.40000001,"date":1495274227,"price":22.28,"tid":473,"type":"sell"},{"amount":0.26585191,"date":1495315692,"price":24.8,"tid":474,"type":"sell"},{"amount":0.13737391,"date":1495333260,"price":24.8,"tid":475,"type":"sell"},{"amount":0.36129031,"date":1495337603,"price":24.8,"tid":476,"type":"buy"},{"amount":0.3827202,"date":1495338024,"price":24.8,"tid":477,"type":"buy"},{"amount":0.88275862,"date":1495363520,"price":27.99,"tid":478,"type":"buy"},{"amount":0.72490174,"date":1495367948,"price":27.99,"tid":479,"type":"sell"},{"amount":2.53840756,"date":1495373151,"price":24.01,"tid":480,"type":"sell"},{"amount":0.79357141,"date":1495394170,"price":28,"tid":481,"type":"buy"},{"amount":8.96604824,"date":1495432925,"price":24.52,"tid":482,"type":"sell"},{"amount":20.77678299,"date":1495443708,"price":24.52,"tid":483,"type":"sell"},{"amount":10.38000011,"date":1495448452,"price":24.52,"tid":484,"type":"sell"},{"amount":10.62327385,"date":1495448537,"price":24.52,"tid":485,"type":"sell"},{"amount":10.88047695,"date":1495448623,"price":24.52,"tid":486,"type":"sell"},{"amount":1.58915913,"date":1495448731,"price":24.52,"tid":487,"type":"sell"},{"amount":1.62652373,"date":1495448947,"price":24.01,"tid":488,"type":"sell"},{"amount":0.37347627,"date":1495448947,"price":24,"tid":489,"type":"sell"},{"amount":3.57978249,"date":1495471544,"price":26,"tid":490,"type":"sell"},{"amount":5.72258043,"date":1495472752,"price":27.9,"tid":491,"type":"buy"},{"amount":1.92307687,"date":1495481122,"price":26,"tid":492,"type":"sell"},{"amount":3.62473106,"date":1495481251,"price":27.9,"tid":493,"type":"buy"},{"amount":1,"date":1495485125,"price":27.9,"tid":494,"type":"buy"},{"amount":0.52410525,"date":1495485775,"price":25.25,"tid":495,"type":"sell"},{"amount":3.82480764,"date":1495520590,"price":26.99,"tid":496,"type":"buy"},{"amount":1.22223496,"date":1495520590,"price":26.99,"tid":497,"type":"buy"},{"amount":4.67771053,"date":1495520775,"price":28,"tid":498,"type":"sell"},{"amount":2.45627213,"date":1495520791,"price":28,"tid":499,"type":"sell"}]